% Encoding: UTF-8


@Book{drucker2008management,
  Title                    = {Management Rev Ed},
  Author                   = {Drucker, Peter F and Maciariello, Joseph A},
  Publisher                = {Zondervan},
  Year                     = {2008}
}

@Article{dubey2007delivering,
  Title                    = {Delivering software as a service},
  Author                   = {Dubey, Abhijit and Wagle, Dilip},
  Journal                  = {The McKinsey Quarterly},
  Year                     = {2007},
  Number                   = {2007},
  Pages                    = {2007},
  Volume                   = {6}
}

@Book{laudon1995management,
  Title                    = {Management information systems: organization and technology},
  Author                   = {Laudon, Kenneth C and Laudon, Jane P},
  Publisher                = {Prentice-Hall, Inc.},
  Year                     = {1995}
}

@Book{mintzberg2006processo,
  Title                    = {O Processo da Estrat{\'e}gia-4},
  Author                   = {Mintzberg, Henry},
  Publisher                = {Bookman},
  Year                     = {2006}
}

@Book{rezende2001tecnologia,
  Title                    = {Tecnologia da informa{\c{c}}{\~a}o aplicada a sistemas de informa{\c{c}}{\~a}o empresariais: o papel estrat{\'e}gico da informa{\c{c}}{\~a}o e dos sistemas de informa{\c{c}}{\~a}o nas empresas},
  Author                   = {Rezende, Denis Alcides},
  Publisher                = {Atlas},
  Year                     = {2001}
}

@Book{rezende2002tecnologia,
  Title                    = {Tecnologia da informa{\c{c}}{\~a}o integrada {\`a} intelig{\^e}ncia empresarial},
  Author                   = {Rezende, Denis Alcides},
  Publisher                = {Atlas},
  Year                     = {2002}
}

@Book{rezende2008planejamento,
  Title                    = {Planejamento de sistemas de informa{\c{c}}{\~a}o e inform{\'a}tica: guia pr{\'a}tico para planejar a tecnologia da informa{\c{c}}{\~a}o integrada ao planejamento estrat{\'e}gico das organiza{\c{c}}{\~o}es},
  Author                   = {Rezende, Denis Alcides},
  Publisher                = {Atlas},
  Year                     = {2008}
}

@Article{sutherland2011scrum,
  Title                    = {The scrum guide},
  Author                   = {Sutherland, Jeff and Schwaber, Ken},
  Journal                  = {The Definitive Guide to Scrum: The Rules of the Game},
  Year                     = {2011}
}

@PhdThesis{terence2002planejamento,
  Title                    = {Planejamento estrat{\'e}gico como ferramenta de competitividade na pequena empresa},
  Author                   = {Terence, Ana Cl{\'a}udia Fernandes},
  School                   = {Universidade de S{\~a}o Paulo},
  Year                     = {2002}
}

@Article{Turner2003,
  Title                    = {Turning software into a service.},
  Author                   = {Turner, Mark and Budgen, David and Brereton, Pearl},
  Journal                  = {Computer.},
  Year                     = {2003},
  Number                   = {10},
  Pages                    = {38--44},
  Volume                   = {36},
  Publisher                = {IEEE}
}

@book{OLIVEIRA1991,
  title={Estrat{\'e}gia empresarial: uma abordagem empreendedora},
  author={de OLIVEIRA, D de PR},
  year={1991},
  publisher={Atlas}
}

@book{golde1986planejamento,
  title={Planejamento pr{\'a}tico para pequenas empresas},
  author={Golde, Roger A and Wittreich, Warrem J and Shapiro, Benson P and Posner, Ronald S and Greyser, Stephen A},
  year={1986},
  publisher={Nova Cultural}
}
