% Encoding: UTF-8


@Misc{Taiar2015,
  Title                    = {Ceylon},
  Author                   = {Andr√© Taiar},
  Month                    = apr,
  Year                     = {2015},
  URL                      = {http://taiar.com.br/}
}

